<record><leader>00000cas a2200000 a 4500</leader><controlfield tag="001">45627769</controlfield><controlfield tag="008">001227d1998199uazuuu ne      0   a0eng d</controlfield><datafield ind1=" " ind2=" " tag="010"><subfield code="a">sn 00060102 </subfield></datafield><datafield ind1=" " ind2=" " tag="040"><subfield code="a">ANN</subfield><subfield code="b">eng</subfield><subfield code="c">ANN</subfield><subfield code="d">OCLCO</subfield></datafield><datafield ind1="1" ind2=" " tag="029"><subfield code="a">AU@</subfield><subfield code="b">000022171188</subfield></datafield><datafield ind1=" " ind2=" " tag="042"><subfield code="a">msc</subfield></datafield><datafield ind1=" " ind2=" " tag="043"><subfield code="a">n-us-az</subfield></datafield><datafield ind1="0" ind2="0" tag="245"><subfield code="a">Mohave eagle.</subfield></datafield><datafield ind1=" " ind2=" " tag="260"><subfield code="a">Kingman, Ariz. :</subfield><subfield code="b">Pip-Starr Publications, Inc.</subfield></datafield><datafield ind1=" " ind2=" " tag="300"><subfield code="a">v.</subfield></datafield><datafield ind1="0" ind2=" " tag="362"><subfield code="a">Vol. 1, no. 1 (Mar. 4, 1998)-</subfield></datafield><datafield ind1=" " ind2="0" tag="651"><subfield code="a">Kingman (Ariz.)</subfield><subfield code="v">Newspapers.</subfield></datafield><datafield ind1=" " ind2="0" tag="651"><subfield code="a">Mohave County (Ala.)</subfield><subfield code="v">Newspapers.</subfield></datafield><datafield ind1=" " ind2=" " tag="752"><subfield code="a">United States</subfield><subfield code="b">Arizona</subfield><subfield code="c">Mohave</subfield><subfield code="d">Kingman.</subfield></datafield></record>